<?xml version="1.0" encoding="UTF-8"?><collection xmlns="http://www.loc.gov/MARC21/slim"><record><leader>00351nam--2200133-i-4500</leader><controlfield tag="001">000002191</controlfield><controlfield tag="002">20161230</controlfield><controlfield tag="005">20161230201024</controlfield><controlfield tag="008">060222s1000------------r-----000-0-eng-d</controlfield><datafield ind1=" " ind2=" " tag="100"><subfield code="a">Gregg, S. J</subfield></datafield><datafield ind1=" " ind2=" " tag="245"><subfield code="a">Sing, k. s. w</subfield></datafield><datafield ind1=" " ind2=" " tag="260"><subfield code="a">Adsorption, Surface Area And Porosity. Second Edition</subfield></datafield><datafield ind1=" " ind2=" " tag="490"><subfield code="a">London, Academic Press, 1982. 303 P</subfield></datafield><datafield ind1=" " ind2=" " tag="852"><subfield code="a">541.3</subfield></datafield></record></collection>